<?xml version="1.0" encoding="UTF-8"?><collection xmlns="http://www.loc.gov/MARC21/slim"><record><leader>00364nam--2200121-i-4500</leader><controlfield tag="001">000030163</controlfield><controlfield tag="002">20161230</controlfield><controlfield tag="005">20161230201038</controlfield><controlfield tag="008">060222s1000------------r-----000-0-eng-d</controlfield><datafield ind1=" " ind2=" " tag="100"><subfield code="a">Mole, R.H., Neary, G.J.And Munson, R.J</subfield></datafield><datafield ind1=" " ind2=" " tag="245"><subfield code="a">Chronic radiation hazard. an experimental study with fast neutrons</subfield></datafield><datafield ind1=" " ind2=" " tag="260"><subfield code="a">London, Pergamon Press, 1957, X + 191p</subfield></datafield><datafield ind1=" " ind2=" " tag="852"><subfield code="a">13420</subfield></datafield></record></collection>